@article{greenwade93,
    author  = "George D. Greenwade",
    title   = "The {C}omprehensive {T}ex {A}rchive {N}etwork ({CTAN})",
    year    = "1993",
    journal = "TUGBoat",
    volume  = "14",
    number  = "3",
    pages   = "342--351"
}


@inproceedings{45774,
title	= {WaveNet: A Generative Model for Raw Audio},
author	= {AÃ¤ron van den Oord and Sander Dieleman and Heiga Zen and Karen Simonyan and Oriol Vinyals and Alexander Graves and Nal Kalchbrenner and Andrew Senior and Koray Kavukcuoglu},
year	= {2016},
URL	= {https://arxiv.org/abs/1609.03499},
booktitle	= {Arxiv}
}

